@comment{x-kbibtex-personnameformatting=<%l><, %f>}

@inproceedings{DGHV10,
	added-at = "2010-07-21T15:58:32.000+0200",
	author = "Dijk, Marten van and Gentry, Craig and Halevi, Shai and Vaikuntanathan, Vinod",
	booktitle = "{EUROCRYPT}",
	date = "2010-06-08",
	editor = "Gilbert, Henri",
	interhash = "dc9ecf99c4acb72074760d16317fb644",
	intrahash = "4de1780642712a54248d778d7d248083",
	isbn = "978-3-642-13189-9",
	keywords = "dblp",
	pages = "24--43",
	publisher = "Springer",
	series = "{Lecture Notes in Computer Science}",
	title = "{Fully Homomorphic Encryption over the Integers.}",
	url = "http://dblp.uni-trier.de/db/conf/eurocrypt/eurocrypt2010.html#DijkGHV10; http://dx.doi.org/10.1007/978-3-642-13190-5_2; http://www.bibsonomy.org/bibtex/24de1780642712a54248d778d7d248083/dblp",
	volume = 6110,
	x-fetchedfrom = "Bibsonomy",
	year = 2010
}

@misc{BGV11,
    author = {Zvika Brakerski and Craig Gentry and Vinod Vaikuntanathan},
    title = {Fully Homomorphic Encryption without Bootstrapping},
    howpublished = {Cryptology ePrint Archive, Report 2011/277},
    year = {2011},
    note = {\url{http://eprint.iacr.org/}},
}

@phdthesis{Gen09,
	author = "Gentry, Craig",
	school = "Stanford University",
	title = "{A fully homomorphic encryption scheme}",
	year = "2009"
}

@misc{CLT13,
    author = {Jean-Sébastien Coron and Tancrède Lepoint and Mehdi Tibouchi},
    title = {Batch Fully Homomorphic Encryption over the Integers},
    howpublished = {Cryptology ePrint Archive, Report 2013/036},
    year = {2013},
    note = {\url{http://eprint.iacr.org/}},
}

@article{YKPB13,
	added-at = "2013-04-08T00:00:00.000+0200",
	author = "Yi, Xun and Kaosar, Md. Golam and Paulet, Russell and Bertino, Elisa",
	interhash = "2e9eef5a01db642032a3c1339d33598e",
	intrahash = "b7b212a4acf7cda7fadd85e6f73baeaa",
	journal = "IEEE Trans. Knowl. Data Eng.",
	keywords = "dblp",
	number = 5,
	pages = "1125--1134",
	title = "{Single-Database Private Information Retrieval from Fully Homomorphic Encryption.}",
	url = "http://dblp.uni-trier.de/db/journals/tkde/tkde25.html#YiKPB13; http://doi.ieeecomputersociety.org/10.1109/TKDE.2012.90; http://www.bibsonomy.org/bibtex/2b7b212a4acf7cda7fadd85e6f73baeaa/dblp",
	volume = 25,
	x-fetchedfrom = "Bibsonomy",
	year = 2013
}

@misc{CNT11,
    author = {Jean-Sebastien Coron and David Naccache and Mehdi Tibouchi},
    title = {Public Key Compression and Modulus Switching for Fully Homomorphic Encryption over the Integers},
    howpublished = {Cryptology ePrint Archive, Report 2011/440},
    year = {2011},
    note = {\url{http://eprint.iacr.org/}},
}

@misc{CMNT11,
    author = {Jean-Sebastien Coron and Avradip Mandal and David Naccache and Mehdi Tibouchi},
    title = {Fully Homomorphic Encryption over the Integers with Shorter Public Keys},
    howpublished = {Cryptology ePrint Archive, Report 2011/441},
    year = {2011},
    note = {\url{http://eprint.iacr.org/}},
}

@incollection{CLT14,
	author = "Coron, Jean-S{\'e}bastien and Lepoint, Tancr{\`e}de and Tibouchi, Mehdi",
	booktitle = "{Public-Key Cryptography--PKC 2014}",
	pages = "311--328",
	publisher = "Springer",
	title = "{Scale-invariant fully homomorphic encryption over the integers}",
	year = "2014"
}

@inproceedings{BGV12,
	author = "Brakerski, Zvika and Gentry, Craig and Vaikuntanathan, Vinod",
	booktitle = "{Proceedings of the 3rd Innovations in Theoretical Computer Science Conference}",
	organization = "ACM",
	pages = "309--325",
	title = "{(Leveled) fully homomorphic encryption without bootstrapping}",
	year = "2012"
}

@misc{SV11,
    author = {N.P. Smart and F. Vercauteren},
    title = {Fully Homomorphic SIMD Operations},
    howpublished = {Cryptology ePrint Archive, Report 2011/133},
    year = {2011},
    note = {\url{http://eprint.iacr.org/}},
}

@misc{GHS11,
    author = {Craig Gentry and Shai Halevi and Nigel P. Smart},
    title = {Fully Homomorphic Encryption with Polylog Overhead},
    howpublished = {Cryptology ePrint Archive, Report 2011/566},
    year = {2011},
    note = {\url{http://eprint.iacr.org/}},
}

@misc{GHS12,
    author = {Craig Gentry and Shai Halevi and Nigel P. Smart},
    title = {Homomorphic Evaluation of the AES Circuit},
    howpublished = {Cryptology ePrint Archive, Report 2012/099},
    year = {2012},
    note = {\url{http://eprint.iacr.org/}},
}

@misc{FV12,
    author = {Junfeng Fan and Frederik Vercauteren},
    title = {Somewhat Practical Fully Homomorphic Encryption},
    howpublished = {Cryptology ePrint Archive, Report 2012/144},
    year = {2012},
    note = {\url{http://eprint.iacr.org/}},
}

@misc{Bra12,
    author = {Zvika Brakerski},
    title = {Fully Homomorphic Encryption without Modulus Switching from Classical GapSVP},
    howpublished = {Cryptology ePrint Archive, Report 2012/078},
    year = {2012},
    note = {\url{http://eprint.iacr.org/}},
}

@misc{BLLN13,
    author = {Joppe W. Bos and Kristin Lauter and Jake Loftus and Michael Naehrig},
    title = {Improved Security for a Ring-Based Fully Homomorphic Encryption Scheme},
    howpublished = {Cryptology ePrint Archive, Report 2013/075},
    year = {2013},
    note = {\url{http://eprint.iacr.org/}},
}

@incollection{DC14,
	author = "Dong, Changyu and Chen, Liqun",
	booktitle = "{Computer Security-ESORICS 2014}",
	pages = "380--399",
	publisher = "Springer",
	title = "{A Fast Single Server Private Information Retrieval Protocol with Low Communication Cost}",
	year = "2014"
}

@misc{LN14,
    author = {Tancrède Lepoint and Michael Naehrig},
    title = {A Comparison of the Homomorphic Encryption Schemes FV and YASHE},
    howpublished = {Cryptology ePrint Archive, Report 2014/062},
    year = {2014},
    note = {\url{http://eprint.iacr.org/}},
}

@inproceedings{LTV12,
	author = "L{\'o}pez{-}Alt, Adriana and Tromer, Eran and Vaikuntanathan, Vinod",
	booktitle = "{Proceedings of the forty-fourth annual ACM symposium on Theory of computing}",
	organization = "ACM",
	pages = "1219--1234",
	title = "{On-the-fly multiparty computation on the cloud via multikey fully homomorphic encryption}",
	year = "2012"
}
